
@misc{wiki:html,
  author = {{HTML}},
  title = "Hypertext Markup Language--- {W}ikipedia{,} The Free Encyclopedia",
  year = "2022",
  url = "https://en.wikipedia.org/wiki/Hypertext_Markup_Language",
  note = "[Online; accessed 21/01/2023]"
}
 @Online{ajax,
 	author={{AJAX}},
  	title  = {Vom einfachen AJAX-Request zum komplexen Objektaustausch mit JSON mittels jQuery},
  	url    = {https://xuad.net/artikel/vom-einfachen-ajax-request-zum-komplexen-objektaustausch-mit-json-mittels-jquery},

  }

@Online{SPA,
	author={{SPA}},
	title  = {Was ist eigentlich eine Single-Page-Webanwendung?},
	url    = {https://t3n.de/news/single-page-webanwendung-1023623/},

}

@Online{fram,
	author={{Fram}},
	title  = {Framework Definition},
	url    = {https://techterms.com/definition/framework},

}

@Online{react,
	author={{React}},
	title  = {React-Wikipedia},
	url    = {https://de.wikipedia.org/wiki/React},

}

@Online{schnRea,
	author={{André Kovac }},
	title  = {React Tutorial für Einsteiger},
	url    = {https://reactjs.de/artikel/react-tutorial-deutsch/#react-ist-schnell---dank-des-virtuellen-dom}

}

@Online{w3s,
	author={{w3Schools}},
	title  = {React Props},
	url    = {https://www.w3schools.com/react/react_props.asp}

}
@Online{DOM,
	author={{DOM}},
	title  = {React},
	url    = {https://www.ionos.de/digitalguide/websites/web-entwicklung/was-ist-das-document-object-model-dom/}
	
}

@Online{Ein,
	author={{wiki}},
	title  = {Was ist das Document Object Model (DOM)?},
	url    = { https://de.wikipedia.org/wiki/React}
	
}

@Online{vdom,
	author={{Ratgeber}},
	title  = {Was ist eigentlich ein (virtuelles) DOM?
	},
	url    = {https://t3n.de/news/eigentlich-virtuelles-dom-858160/}
	
}
@Online{hooks,
	author={{react-Hooks}},
	title  = {Einführung in React Hooks
	},
	url    = {https://www.mothership.de/blog/einfuehrung-react-hooks}
	
}
